<?xml version="1.0" encoding="UTF-8"?><collection xmlns="http://www.loc.gov/MARC21/slim"><record><leader>00598nam--2200169-i-4500</leader><controlfield tag="001">000039092</controlfield><controlfield tag="002">20161230</controlfield><controlfield tag="005">20161230201042</controlfield><controlfield tag="008">060222s1000------------r-----000-0-eng-d</controlfield><datafield ind1=" " ind2=" " tag="040"><subfield code="a">IFIN-HH</subfield></datafield><datafield ind1=" " ind2=" " tag="080"><subfield code="a">539.12.01</subfield></datafield><datafield ind1="1" ind2=" " tag="100"><subfield code="a">Rho, Mannque</subfield></datafield><datafield ind1="1" ind2="0" tag="245"><subfield code="a">Muon-capture in nuclei and migdal theory</subfield><subfield code="b">Lectures delivered at the summer institute of nuclear and particle physics, mc gill university, montreal, canada, august 7-august 13, 1967</subfield><subfield code="c">Mannque rho</subfield></datafield><datafield ind1=" " ind2=" " tag="260"><subfield code="a">Saclay</subfield><subfield code="b">Commissariat A L`Energie Atomique</subfield><subfield code="c">1967</subfield></datafield><datafield ind1=" " ind2=" " tag="300"><subfield code="a">89P.+ 6 FIG</subfield></datafield><datafield ind1=" " ind2=" " tag="852"><subfield code="a">27980</subfield><subfield code="c">539.12</subfield></datafield><datafield ind1=" " ind2=" " tag="CAT"><subfield code="a">Sys</subfield><subfield code="c">20111115</subfield><subfield code="h">154814</subfield></datafield></record></collection>